<?xml version="1.0" encoding="UTF-8"?><collection xmlns="http://www.loc.gov/MARC21/slim"><record><leader>00546nam--2200181-i-4500</leader><controlfield tag="001">000001639</controlfield><controlfield tag="002">20161230</controlfield><controlfield tag="005">20161230201024</controlfield><controlfield tag="008">060222s1000------------r-----000-0-fre-d</controlfield><datafield ind1=" " ind2=" " tag="040"><subfield code="a">IFIN-HH</subfield></datafield><datafield ind1=" " ind2=" " tag="041"><subfield code="a">fre</subfield></datafield><datafield ind1=" " ind2=" " tag="080"><subfield code="a">539.172.13(043)</subfield></datafield><datafield ind1="1" ind2=" " tag="100"><subfield code="a">Frascaria, Nimet Nee Jabes</subfield></datafield><datafield ind1="1" ind2="0" tag="245"><subfield code="a">Selectivite de la reaction (d,gama) a 80 mev. application a l'etude des noyaux 38, 42,46k</subfield><subfield code="b">These</subfield><subfield code="c">Nimet frascaria nee jabes</subfield></datafield><datafield ind1=" " ind2=" " tag="260"><subfield code="a">Orsay</subfield><subfield code="b">Universite Paris-sud</subfield><subfield code="c">1974</subfield></datafield><datafield ind1=" " ind2=" " tag="300"><subfield code="a">77P</subfield></datafield><datafield ind1=" " ind2=" " tag="852"><subfield code="a">42112</subfield><subfield code="c">539.17</subfield></datafield><datafield ind1=" " ind2=" " tag="CAT"><subfield code="a">Sys</subfield><subfield code="c">20120613</subfield><subfield code="h">103627</subfield></datafield></record></collection>